<?xml version="1.0" encoding="UTF-8"?><page><images xmlns:xs="http://www.w3.org/2001/XMLSchema"><image xmlns:my="http://nowhere" src="https://repo.library.upenn.edu/djatoka/resolver?url_ver=Z39.88-2004&amp;svc_id=info:lanl-repo/svc/getRegion&amp;svc_val_fmt=info:ofi/fmt:kev:mtx:jpeg2000&amp;svc.format=image/jpeg&amp;rft_id=medren_mscodex1156_wk1_front0001&amp;svc.level=3&amp;svc.rotate="><params><identifier>medren_mscodex1156_wk1_front0001</identifier><imagefile>/repo/store/pairtree_root/me/dr/en/_m/sc/od/ex/11/56/_w/k1/_f/ro/nt/00/01/medren_mscodex1156_wk1_front0001/v001/full/mscodex1156_wk1_front0001.DELIVERY.jp2</imagefile><width>3993</width><height>5498</height><dwtLevels>6</dwtLevels><levels>6</levels><compositingLayerCount>1</compositingLayerCount><defaultscale>3</defaultscale></params><control><zoomcontrol zoom="in"><input name="zoom" type="radio" value="in" onclick="selectZoomControl('in')" checked="yes">zoom in</input><input name="zoom" type="radio" value="out" onclick="selectZoomControl('out')">zoom out</input><input name="zoom" type="radio" value="none" onclick="selectZoomControl('none')">recenter</input></zoomcontrol><sizecontrol><input name="size" type="radio" value="0" onClick="this.form.submit()">full</input><input name="size" type="radio" value="1" onClick="this.form.submit()">1/2</input><input name="size" type="radio" value="2" onClick="this.form.submit()">1/4</input><input name="size" type="radio" value="3" checked="yes">1/8</input><input name="size" type="radio" value="4" onClick="this.form.submit()">1/16</input><input name="size" type="radio" value="5" onClick="this.form.submit()">1/32</input><input name="size" type="radio" value="6" onClick="this.form.submit()">1/64</input></sizecontrol></control></image></images><response xmlns:cinclude="http://apache.org/cocoon/include/1.0"><links xmlns:xs="http://www.w3.org/2001/XMLSchema" xmlns:my="http://nowhere" detail-page-params=".html?id=MEDREN_4294938&amp;"><feeds><str name="media.rss">feeds/pageturn.mrss?rotation=0&amp;id=MEDREN_4294938 OR id:MEDREN_4294938_*&amp;rows=500</str><str name="rss">feeds/pageturn.rss?id=MEDREN_4294938&amp;rotation=0&amp;</str><str name="ical">feeds/calendar.ics?id=MEDREN_4294938&amp;rotation=0&amp;</str><str name="url">http://dla.library.upenn.edu/dla/medren/pageturn.html?id=MEDREN_4294938&amp;rotation=0&amp;rotation=0&amp;</str><str name="display-record" display="[more information]">record.html?id=MEDREN_4294938&amp;rotation=0&amp;</str><str name="enable-fullview" display="Enable Full View">pageturn.html?id=MEDREN_4294938&amp;rotation=0&amp;fullview=true</str><str name="rotate-right" display="Rotate Right">pageturn.html?id=MEDREN_4294938&amp;rotation=90</str><str name="rotate-left" display="Rotate Left">pageturn.html?id=MEDREN_4294938&amp;rotation=270</str><str name="handle">http://hdl.library.upenn.edu/1017/d/medren/4294938</str></feeds><sidebar><str name="mailto" display="Contact Us">mailto:shawcros@pobox.upenn.edu?subject=Penn%20in%20Hand%3A%20Selected%20Manuscripts%20%28DLA%20Collection%29&amp;body=Question%20regarding%20this%20page%3A%20http%3A%2F%2Fdla.library.upenn.edu%2Fdla%2Fmedren%2Fpageturn.html%3Fid%3DMEDREN_4294938%26rotation%3D0%26</str></sidebar></links><params xmlns:my="http://nowhere"><str name="q"/><str name="id">MEDREN_4294938</str><str name="fq"/><str name="start">0</str><str name="rows">25</str><str name="sort">score desc, date_sort asc</str><str name="page">pageturn</str><str name="browse"/><str name="facet">true</str><str name="view"/><str name="detail">brief</str><str name="showall"/><str name="fullview"/><info><str name="params-forward">true</str><str name="url">http://dla.library.upenn.edu/dla</str></info><page-specific name="pageturn"><str name="currentpage">1</str><str name="doubleside">1</str><str name="filter"/><str name="rotation">0</str><str name="region"/><str name="filetype"/><str name="image"/><str name="naturalwidth"/><str name="naturalheight"/><str name="levels"/><str name="zoom"/><str name="level"/><str name="oldwidth"/><str name="oldheight"/><str name="oldx"/><str name="oldy"/><str name="x"/><str name="y"/><str name="size"/><str name="oldsize"/></page-specific></params>
<lst name="responseHeader"><int name="status">0</int><int name="QTime">1</int><lst name="params"><str name="facet">true</str><str name="sort">score desc, date_sort asc</str><str name="fl">*</str><str name="facet.mincount">1</str><str name="facet.sort">true</str><str name="q">id:MEDREN_4294938</str><str name="facet.limit">5</str><str name="f..facet.limit">400</str><str name="f..facet.sort">false</str><arr name="facet.field"><str>collection_facet</str><str>has_999_facet</str><str>facsimile_facet</str><str>illuminated_facet</str><str>illustrated_facet</str><str>notated_facet</str><str>language_facet</str><str>century_facet</str><str>date_facet</str><str>genre_facet</str><str>subject_facet</str><str>geography_facet</str><str>author_facet</str><str>related_names_facet</str><str>page_material_facet</str></arr><str name="qt">dla-standard</str><str name="rows">25</str></lst></lst><result name="response" numFound="1" start="0"><doc><str name="id">MEDREN_4294938</str><arr name="call_number_field"><str>Ms. Codex 1156</str></arr><str name="orientation"/><str name="format">pageturn</str><arr name="title_field"><str>Epithome artis epistolaris ... [etc.]</str></arr><arr name="probable_date_field"><str>1512 </str></arr><arr name="titledate_field"><str>Ms. Codex 1156 - Epithome artis epistolaris ... [etc.] (1512 )</str></arr><arr name="primary_author_field"><str>Rhegius, Urbanus, 1489-1541</str></arr><arr name="origin_field"><str>[Germany], 1512</str></arr><arr name="date_facsimile_added_field"><str>10-04-2010</str></arr><arr name="collection_field"><str>Medieval &amp; Renaissance Manuscripts Collection</str></arr><arr name="collectionSEARCH_URL_field"><str>search.html?fq=collection_facet%3A"Medieval %26 Renaissance Manuscripts"</str></arr><arr name="facsimile_field"><str>Yes</str></arr><arr name="language_field"><str>Latin</str></arr><arr name="genre_field"><str>Codices</str><str>Annotations</str><str>Poems</str><str>Treatises</str><str>Manuscripts, Latin - 16th century</str><str>Manuscripts, Renaissance</str></arr><arr name="subject_field"><str>Cicero, Marcus Tullius</str><str>Poliziano, Angelo, 1454-1494</str><str>Quintilian</str><str>Erasmus, Desiderius, d. 1536</str><str>Zasius, Ulrich, 1461-1535</str><str>Bebel, Heinrich, 1472-1518</str><str>Rhetorica ad Herennium</str><str>Rhetoric</str><str>Study and teaching</str><str>Rhetoric</str></arr><arr name="author_field"><str>Rhegius, Urbanus, 1489-1541</str></arr><xml name="marcrecord"><marc:record xmlns:marc="http://www.loc.gov/MARC21/slim">
   <marc:leader>05570ctm a2200793Ia 4500</marc:leader>
   <marc:controlfield tag="001">4294938</marc:controlfield>
   <marc:controlfield tag="005">20101004085239.0</marc:controlfield>
   <marc:controlfield tag="008">080415s1512    pau           000 0 lat d</marc:controlfield>
   <marc:datafield tag="035" ind1=" " ind2=" ">
      <marc:subfield code="a">(OCoLC)ocn224003623</marc:subfield>
   </marc:datafield>
   <marc:datafield tag="040" ind1=" " ind2=" ">
      <marc:subfield code="a">PAULM</marc:subfield>
      <marc:subfield code="c">PAULM</marc:subfield>
      <marc:subfield code="e">amremm</marc:subfield>
      <marc:subfield code="d">PAULM</marc:subfield>
   </marc:datafield>
   <marc:datafield tag="035" ind1=" " ind2=" ">
      <marc:subfield code="a">(OCoLC)224003623</marc:subfield>
   </marc:datafield>
   <marc:datafield tag="041" ind1="0" ind2=" ">
      <marc:subfield code="a">lat</marc:subfield>
      <marc:subfield code="a">grc</marc:subfield>
      <marc:subfield code="a">heb</marc:subfield>
   </marc:datafield>
   <marc:datafield tag="079" ind1=" " ind2=" ">
      <marc:subfield code="a">ocn224003594</marc:subfield>
   </marc:datafield>
   <marc:datafield tag="099" ind1=" " ind2="9">
      <marc:subfield code="a">Ms. Codex 1156</marc:subfield>
   </marc:datafield>
   <marc:datafield tag="049" ind1=" " ind2=" ">
      <marc:subfield code="a">PAUM</marc:subfield>
   </marc:datafield>
   <marc:datafield tag="100" ind1="1" ind2=" ">
      <marc:subfield code="a">Rhegius, Urbanus,</marc:subfield>
      <marc:subfield code="d">1489-1541.</marc:subfield>
   </marc:datafield>
   <marc:datafield tag="245" ind1="1" ind2="0">
      <marc:subfield code="a">Epithome artis epistolaris ... [etc.]</marc:subfield>
      <marc:subfield code="h">[manuscript].</marc:subfield>
   </marc:datafield>
   <marc:datafield tag="260" ind1=" " ind2=" ">
      <marc:subfield code="a">[Germany],</marc:subfield>
      <marc:subfield code="c">1512.</marc:subfield>
   </marc:datafield>
   <marc:datafield tag="300" ind1=" " ind2=" ">
      <marc:subfield code="a">28 leaves :</marc:subfield>
      <marc:subfield code="b">paper ;</marc:subfield>
      <marc:subfield code="c">203 x 145 mm. bound to 212 x 157 mm.</marc:subfield>
   </marc:datafield>
   <marc:datafield tag="500" ind1=" " ind2=" ">
      <marc:subfield code="a">Ms. codex.</marc:subfield>
   </marc:datafield>
   <marc:datafield tag="545" ind1=" " ind2=" ">
      <marc:subfield code="a">Matriculated to the University of Freiburg im Breisgau in 1508, studied under Ulrich Zasius, and left in 1512. Also in 1512, he arrived at the university in Ingolstadt, where in 1516 he obtained the title "magister artium" and later taught rhetoric and poetry.</marc:subfield>
   </marc:datafield>
   <marc:datafield tag="520" ind1=" " ind2=" ">
      <marc:subfield code="a">Epithome artis epistolaris, the predominant work, is a treatise on rhetoric and letter writing based on authors and sources ranging from classical antiquity to the Renaissance. Rhegius draws strongly on Cicero, Quintilian, and Poliziano, but also references Aristotle, Plutarch, Pliny the Younger, Ovid, Juvenal, Terence, Vergil, Horace, Lucretius, Caesar, Livy, Augustine, passages from Psalms and Exodus, Albertus Magnus, Erasmus, Giorgio Valla, Ermolau Barbaro, Heinrich Bebel, Franciscus Niger, and Ulrich Zasius; many of these references are noted in the margins. The treatise explores the classical tenets of rhetoric, including inventio, dispositio, exordium, and elocutio; marginal annotations also make reference in Greek to various tools of rhetoric, including metaphor and periphrasis. Although the authorship of Epithome artis epistolaris was originally uncertain, it has been attributed to Urbanus Rhegius early in his career (Rhegius' name appears multiple times throughout the manuscript in both Hebrew and Roman letters: see f. 6r-v, 8v, 9r, 16v). The predominant work is preceded by an excerpt from a medieval comedic poem, several pages of which have been removed, and several brief writings concerning rhetoric and philosophy.</marc:subfield>
   </marc:datafield>
   <marc:datafield tag="546" ind1=" " ind2=" ">
      <marc:subfield code="a">Latin, with words and names in Ancient Greek and Hebrew.</marc:subfield>
   </marc:datafield>
   <marc:datafield tag="500" ind1=" " ind2=" ">
      <marc:subfield code="a">Title from predominant work (f. 9r).</marc:subfield>
   </marc:datafield>
   <marc:datafield tag="505" ind1="0" ind2=" ">
      <marc:subfield code="a">1. f.1r: Pamphilus de amore.</marc:subfield>
   </marc:datafield>
   <marc:datafield tag="505" ind1="0" ind2=" ">
      <marc:subfield code="a">2. f.6r: [Illegible notes in Hebrew]</marc:subfield>
   </marc:datafield>
   <marc:datafield tag="505" ind1="0" ind2=" ">
      <marc:subfield code="a">3. f.6v: Modus legendi / Matteo Bosso.</marc:subfield>
   </marc:datafield>
   <marc:datafield tag="505" ind1="0" ind2=" ">
      <marc:subfield code="a">4. f.6v: Distichon / Ludimontanus.</marc:subfield>
   </marc:datafield>
   <marc:datafield tag="505" ind1="0" ind2=" ">
      <marc:subfield code="a">5. f.6v-8r: [Discourse on philosophy]</marc:subfield>
   </marc:datafield>
   <marc:datafield tag="505" ind1="0" ind2=" ">
      <marc:subfield code="a">6. f.8v: Ornatissimis politioris litteraturae cultoribus foelicitatem / [Urbanus Rhegius]</marc:subfield>
   </marc:datafield>
   <marc:datafield tag="505" ind1="0" ind2=" ">
      <marc:subfield code="a">7. f.9r-26v: Epithome artis epistolaris / [Urbanus Rhegius]</marc:subfield>
   </marc:datafield>
   <marc:datafield tag="500" ind1=" " ind2=" ">
      <marc:subfield code="a">Collation: Paper, i (modern paper) + 28 + i (modern paper); 1¹⁴(-2, 3, 4, 5) 2¹⁴; modern pencil foliation, upper right recto, including the remains of the missing leaves.</marc:subfield>
   </marc:datafield>
   <marc:datafield tag="500" ind1=" " ind2=" ">
      <marc:subfield code="a">Layout: Ruled in drypoint.</marc:subfield>
   </marc:datafield>
   <marc:datafield tag="500" ind1=" " ind2=" ">
      <marc:subfield code="a">Script: Written in a humanistic script, except work 5, written in a "hasty cursive" (Zacour-Hirsch).</marc:subfield>
   </marc:datafield>
   <marc:datafield tag="500" ind1=" " ind2=" ">
      <marc:subfield code="a">Watermark: Briquet Couronne 4902 (1520); although this watermark is cited from Trevise in 1520, Briquet lists many other extant sources from throughout central and eastern Europe in the late 15th and early 16th centuries.</marc:subfield>
   </marc:datafield>
   <marc:datafield tag="500" ind1=" " ind2=" ">
      <marc:subfield code="a">Decoration: Manicules in margins throughout.</marc:subfield>
   </marc:datafield>
   <marc:datafield tag="500" ind1=" " ind2=" ">
      <marc:subfield code="a">Binding: Modern cloth, by Kurt Gabbel &amp; Sons, Holland, Pa.</marc:subfield>
   </marc:datafield>
   <marc:datafield tag="500" ind1=" " ind2=" ">
      <marc:subfield code="a">Origin: Written in either Ingolstadt or Freiburg im Breisgau, 1512 (f. 8r, 24r).</marc:subfield>
   </marc:datafield>
   <marc:datafield tag="561" ind1="1" ind2=" ">
      <marc:subfield code="a">Purchased, 1962.</marc:subfield>
   </marc:datafield>
   <marc:datafield tag="510" ind1="4" ind2=" ">
      <marc:subfield code="a">Described in Zacour, Norman P. and Hirsch, Rudolf.  Catalogue of Manuscripts in the Libraries of the University of Pennsylvania to 1800, Supplement A (1). The Library Chronicle 35 (1969),</marc:subfield>
      <marc:subfield code="c">p. 17 (Ms. Latin 242).</marc:subfield>
   </marc:datafield>
   <marc:datafield tag="581" ind1=" " ind2=" ">
      <marc:subfield code="a">Hirsch, Rudolf. "Urbanus Rhegius, the Author of an Ars Epistolaris?" Gutenberg Jarhbuch, 1969. Mainz: Gutenberg-Gesellschaft.</marc:subfield>
   </marc:datafield>
   <marc:datafield tag="581" ind1=" " ind2=" ">
      <marc:subfield code="a">Martin Baños, Pedro. El arte en el Renacimiento europeo, 1400-1600. Bilbao: Universidad de Deusto, 2005.</marc:subfield>
   </marc:datafield>
   <marc:datafield tag="581" ind1=" " ind2=" ">
      <marc:subfield code="a">Martin Baños, Pedro. "Preceptos epistolares e imitatio a comienzos del siglo XVI: edicion y estudio de la Epithome artis epistolaris ad formulam tullianam introducens (1512) atribuida a Urbanus Rhegius." Humanistica Lovaniesia: Journal of Neo-Latin Studies, LIV (2005).</marc:subfield>
   </marc:datafield>
   <marc:datafield tag="524" ind1=" " ind2=" ">
      <marc:subfield code="a">UPenn Ms. Codex 1156</marc:subfield>
   </marc:datafield>
   <marc:datafield tag="600" ind1="1" ind2="0">
      <marc:subfield code="a">Cicero, Marcus Tullius.</marc:subfield>
      <marc:subfield code="t">Epistolae ad familiares.</marc:subfield>
   </marc:datafield>
   <marc:datafield tag="600" ind1="1" ind2="0">
      <marc:subfield code="a">Poliziano, Angelo,</marc:subfield>
      <marc:subfield code="d">1454-1494.</marc:subfield>
   </marc:datafield>
   <marc:datafield tag="600" ind1="0" ind2="0">
      <marc:subfield code="a">Quintilian.</marc:subfield>
      <marc:subfield code="t">Institutiones oratoriae.</marc:subfield>
   </marc:datafield>
   <marc:datafield tag="600" ind1="1" ind2="0">
      <marc:subfield code="a">Erasmus, Desiderius,</marc:subfield>
      <marc:subfield code="d">d. 1536.</marc:subfield>
   </marc:datafield>
   <marc:datafield tag="600" ind1="1" ind2="0">
      <marc:subfield code="a">Zasius, Ulrich,</marc:subfield>
      <marc:subfield code="d">1461-1535.</marc:subfield>
   </marc:datafield>
   <marc:datafield tag="600" ind1="1" ind2="0">
      <marc:subfield code="a">Bebel, Heinrich,</marc:subfield>
      <marc:subfield code="d">1472-1518.</marc:subfield>
   </marc:datafield>
   <marc:datafield tag="630" ind1="0" ind2="0">
      <marc:subfield code="a">Rhetorica ad Herennium.</marc:subfield>
   </marc:datafield>
   <marc:datafield tag="650" ind1=" " ind2="0">
      <marc:subfield code="a">Rhetoric</marc:subfield>
      <marc:subfield code="x">Study and teaching.</marc:subfield>
   </marc:datafield>
   <marc:datafield tag="650" ind1=" " ind2="0">
      <marc:subfield code="a">Rhetoric</marc:subfield>
      <marc:subfield code="v">Early works to 1800.</marc:subfield>
   </marc:datafield>
   <marc:datafield tag="655" ind1=" " ind2="7">
      <marc:subfield code="a">Codices.</marc:subfield>
      <marc:subfield code="2">aat</marc:subfield>
   </marc:datafield>
   <marc:datafield tag="655" ind1=" " ind2="7">
      <marc:subfield code="a">Annotations.</marc:subfield>
      <marc:subfield code="2">aat</marc:subfield>
   </marc:datafield>
   <marc:datafield tag="655" ind1=" " ind2="7">
      <marc:subfield code="a">Poems.</marc:subfield>
      <marc:subfield code="2">aat</marc:subfield>
   </marc:datafield>
   <marc:datafield tag="655" ind1=" " ind2="7">
      <marc:subfield code="a">Treatises.</marc:subfield>
      <marc:subfield code="2">aat</marc:subfield>
   </marc:datafield>
   <marc:datafield tag="655" ind1=" " ind2="0">
      <marc:subfield code="a">Manuscripts, Latin</marc:subfield>
      <marc:subfield code="y">16th century.</marc:subfield>
   </marc:datafield>
   <marc:datafield tag="655" ind1=" " ind2="0">
      <marc:subfield code="a">Manuscripts, Renaissance.</marc:subfield>
   </marc:datafield>
   <marc:datafield tag="700" ind1="1" ind2="2">
      <marc:subfield code="a">Bosso, Matteo,</marc:subfield>
      <marc:subfield code="d">1427 or 8-1502.</marc:subfield>
   </marc:datafield>
   <marc:datafield tag="700" ind1="0" ind2="2">
      <marc:subfield code="a">Ludimontanus.</marc:subfield>
   </marc:datafield>
   <marc:datafield tag="730" ind1="0" ind2="2">
      <marc:subfield code="a">Pamphilus de amore.</marc:subfield>
   </marc:datafield>
   <marc:datafield tag="740" ind1="0" ind2="2">
      <marc:subfield code="a">Modus legendi.</marc:subfield>
   </marc:datafield>
   <marc:datafield tag="740" ind1="0" ind2="2">
      <marc:subfield code="a">Distichon.</marc:subfield>
   </marc:datafield>
   <marc:datafield tag="740" ind1="0" ind2="2">
      <marc:subfield code="a">Ornatissimis politioris litteraturae cultoribus foelicitatem.</marc:subfield>
   </marc:datafield>
   <marc:datafield tag="852" ind1=" " ind2=" ">
      <marc:subfield code="b">Rare Book &amp; Manuscript Library</marc:subfield>
      <marc:subfield code="a">University of Pennsylvania</marc:subfield>
      <marc:subfield code="e">3420 Walnut Street, Philadelphia, Pennsylvania 19104-6206.</marc:subfield>
      <marc:subfield code="j">Ms. Codex 1156</marc:subfield>
   </marc:datafield>
   <marc:datafield tag="856" ind1="4" ind2="1">
      <marc:subfield code="z">Facsimile</marc:subfield>
      <marc:subfield code="u">http://hdl.library.upenn.edu/1017/d/medren/4294938</marc:subfield>
   </marc:datafield>
   <marc:datafield tag="999" ind1=" " ind2=" ">
      <marc:subfield code="a">DLA</marc:subfield>
      <marc:subfield code="b">20101004</marc:subfield>
   </marc:datafield>
   <marc:datafield tag="994" ind1=" " ind2=" ">
      <marc:subfield code="a">C0</marc:subfield>
      <marc:subfield code="b">PAULM</marc:subfield>
   </marc:datafield>
</marc:record>
</xml><xml name="pages"><page number="1" seq="1" id="medren_4294938_419742" image.defaultscale="3" side="recto" image.id="medren_mscodex1156_wk1_front0001" image="mscodex1156_wk1_front0001" visiblepage="Front cover"/>
<page number="2" seq="2" id="medren_4294938_419743" image.defaultscale="3" side="verso" image.id="medren_mscodex1156_wk1_front0002" image="mscodex1156_wk1_front0002" visiblepage="Inside front cover"/>
<page number="3" seq="3" id="medren_4294938_419744" image.defaultscale="3" side="recto" image.id="medren_mscodex1156_wk1_front0003" image="mscodex1156_wk1_front0003" visiblepage="[Flyleaf 1 recto]"/>
<page number="4" seq="4" id="medren_4294938_419745" image.defaultscale="3" side="verso" image.id="medren_mscodex1156_wk1_front0004" image="mscodex1156_wk1_front0004" visiblepage="[Flyleaf 1 verso]"/>
<page number="5" seq="5" id="medren_4294938_419746" image.defaultscale="3" side="recto" image.id="medren_mscodex1156_wk1_body0001" image="mscodex1156_wk1_body0001" visiblepage="1r"/>
<page number="6" seq="6" id="medren_4294938_419747" image.defaultscale="3" side="verso" image.id="medren_mscodex1156_wk1_body0002" image="mscodex1156_wk1_body0002" visiblepage="1v; 2r-5v missing, not shot"/>
<page number="7" seq="7" id="medren_4294938_419756" image.defaultscale="3" side="recto" image.id="medren_mscodex1156_wk1_body0011" image="mscodex1156_wk1_body0011" visiblepage="6r"/>
<page number="8" seq="8" id="medren_4294938_419757" image.defaultscale="3" side="verso" image.id="medren_mscodex1156_wk1_body0012" image="mscodex1156_wk1_body0012" visiblepage="6v"/>
<page number="9" seq="9" id="medren_4294938_419758" image.defaultscale="3" side="recto" image.id="medren_mscodex1156_wk1_body0013" image="mscodex1156_wk1_body0013" visiblepage="7r"/>
<page number="10" seq="10" id="medren_4294938_419759" image.defaultscale="3" side="verso" image.id="medren_mscodex1156_wk1_body0014" image="mscodex1156_wk1_body0014" visiblepage="7v"/>
<page number="11" seq="11" id="medren_4294938_419760" image.defaultscale="3" side="recto" image.id="medren_mscodex1156_wk1_body0015" image="mscodex1156_wk1_body0015" visiblepage="8r">
   <tocentry name="ill">Manicule, f. 8r</tocentry>
</page>
<page number="12" seq="12" id="medren_4294938_419761" image.defaultscale="3" side="verso" image.id="medren_mscodex1156_wk1_body0016" image="mscodex1156_wk1_body0016" visiblepage="8v"/>
<page number="13" seq="13" id="medren_4294938_419762" image.defaultscale="3" side="recto" image.id="medren_mscodex1156_wk1_body0017" image="mscodex1156_wk1_body0017" visiblepage="9r"/>
<page number="14" seq="14" id="medren_4294938_419763" image.defaultscale="3" side="verso" image.id="medren_mscodex1156_wk1_body0018" image="mscodex1156_wk1_body0018" visiblepage="9v"/>
<page number="15" seq="15" id="medren_4294938_419764" image.defaultscale="3" side="recto" image.id="medren_mscodex1156_wk1_body0019" image="mscodex1156_wk1_body0019" visiblepage="10r">
   <tocentry name="ill">Manicule, f. 10r</tocentry>
</page>
<page number="16" seq="16" id="medren_4294938_419765" image.defaultscale="3" side="verso" image.id="medren_mscodex1156_wk1_body0020" image="mscodex1156_wk1_body0020" visiblepage="10v">
   <tocentry name="ill">Manicule, f. 10v</tocentry>
</page>
<page number="17" seq="17" id="medren_4294938_419766" image.defaultscale="3" side="recto" image.id="medren_mscodex1156_wk1_body0021" image="mscodex1156_wk1_body0021" visiblepage="11r"/>
<page number="18" seq="18" id="medren_4294938_419767" image.defaultscale="3" side="verso" image.id="medren_mscodex1156_wk1_body0022" image="mscodex1156_wk1_body0022" visiblepage="11v">
   <tocentry name="ill">Manicule, f. 11v</tocentry>
</page>
<page number="19" seq="19" id="medren_4294938_419768" image.defaultscale="3" side="recto" image.id="medren_mscodex1156_wk1_body0023" image="mscodex1156_wk1_body0023" visiblepage="12r"/>
<page number="20" seq="20" id="medren_4294938_419769" image.defaultscale="3" side="verso" image.id="medren_mscodex1156_wk1_body0024" image="mscodex1156_wk1_body0024" visiblepage="12v"/>
<page number="21" seq="21" id="medren_4294938_419770" image.defaultscale="3" side="recto" image.id="medren_mscodex1156_wk1_body0025" image="mscodex1156_wk1_body0025" visiblepage="13r"/>
<page number="22" seq="22" id="medren_4294938_419771" image.defaultscale="3" side="verso" image.id="medren_mscodex1156_wk1_body0026" image="mscodex1156_wk1_body0026" visiblepage="13v"/>
<page number="23" seq="23" id="medren_4294938_419772" image.defaultscale="3" side="recto" image.id="medren_mscodex1156_wk1_body0027" image="mscodex1156_wk1_body0027" visiblepage="14r">
   <tocentry name="ill">Manicule, f. 14r</tocentry>
</page>
<page number="24" seq="24" id="medren_4294938_419773" image.defaultscale="3" side="verso" image.id="medren_mscodex1156_wk1_body0028" image="mscodex1156_wk1_body0028" visiblepage="14v"/>
<page number="25" seq="25" id="medren_4294938_419774" image.defaultscale="3" side="recto" image.id="medren_mscodex1156_wk1_body0029" image="mscodex1156_wk1_body0029" visiblepage="15r">
   <tocentry name="ill">Manicule, f. 15r</tocentry>
</page>
<page number="26" seq="26" id="medren_4294938_419775" image.defaultscale="3" side="verso" image.id="medren_mscodex1156_wk1_body0030" image="mscodex1156_wk1_body0030" visiblepage="15v">
   <tocentry name="ill">Manicule, f. 15v</tocentry>
</page>
<page number="27" seq="27" id="medren_4294938_419776" image.defaultscale="3" side="recto" image.id="medren_mscodex1156_wk1_body0031" image="mscodex1156_wk1_body0031" visiblepage="16r">
   <tocentry name="ill">Manicule, f. 16r</tocentry>
</page>
<page number="28" seq="28" id="medren_4294938_419777" image.defaultscale="3" side="verso" image.id="medren_mscodex1156_wk1_body0032" image="mscodex1156_wk1_body0032" visiblepage="16v">
   <tocentry name="ill">Manicule, f. 16v</tocentry>
</page>
<page number="29" seq="29" id="medren_4294938_419778" image.defaultscale="3" side="recto" image.id="medren_mscodex1156_wk1_body0033" image="mscodex1156_wk1_body0033" visiblepage="17r"/>
<page number="30" seq="30" id="medren_4294938_419779" image.defaultscale="3" side="verso" image.id="medren_mscodex1156_wk1_body0034" image="mscodex1156_wk1_body0034" visiblepage="17v"/>
<page number="31" seq="31" id="medren_4294938_419780" image.defaultscale="3" side="recto" image.id="medren_mscodex1156_wk1_body0035" image="mscodex1156_wk1_body0035" visiblepage="18r">
   <tocentry name="ill">Manicule, f. 18r</tocentry>
</page>
<page number="32" seq="32" id="medren_4294938_419781" image.defaultscale="3" side="verso" image.id="medren_mscodex1156_wk1_body0036" image="mscodex1156_wk1_body0036" visiblepage="18v"/>
<page number="33" seq="33" id="medren_4294938_419782" image.defaultscale="3" side="recto" image.id="medren_mscodex1156_wk1_body0037" image="mscodex1156_wk1_body0037" visiblepage="19r">
   <tocentry name="ill">Manicule, f. 19r</tocentry>
</page>
<page number="34" seq="34" id="medren_4294938_419783" image.defaultscale="3" side="verso" image.id="medren_mscodex1156_wk1_body0038" image="mscodex1156_wk1_body0038" visiblepage="19v"/>
<page number="35" seq="35" id="medren_4294938_419784" image.defaultscale="3" side="recto" image.id="medren_mscodex1156_wk1_body0039" image="mscodex1156_wk1_body0039" visiblepage="20r"/>
<page number="36" seq="36" id="medren_4294938_419785" image.defaultscale="3" side="verso" image.id="medren_mscodex1156_wk1_body0040" image="mscodex1156_wk1_body0040" visiblepage="20v"/>
<page number="37" seq="37" id="medren_4294938_419786" image.defaultscale="3" side="recto" image.id="medren_mscodex1156_wk1_body0041" image="mscodex1156_wk1_body0041" visiblepage="21r"/>
<page number="38" seq="38" id="medren_4294938_419787" image.defaultscale="3" side="verso" image.id="medren_mscodex1156_wk1_body0042" image="mscodex1156_wk1_body0042" visiblepage="21v"/>
<page number="39" seq="39" id="medren_4294938_419788" image.defaultscale="3" side="recto" image.id="medren_mscodex1156_wk1_body0043" image="mscodex1156_wk1_body0043" visiblepage="22r"/>
<page number="40" seq="40" id="medren_4294938_419789" image.defaultscale="3" side="verso" image.id="medren_mscodex1156_wk1_body0044" image="mscodex1156_wk1_body0044" visiblepage="22v"/>
<page number="41" seq="41" id="medren_4294938_419790" image.defaultscale="3" side="recto" image.id="medren_mscodex1156_wk1_body0045" image="mscodex1156_wk1_body0045" visiblepage="23r"/>
<page number="42" seq="42" id="medren_4294938_419791" image.defaultscale="3" side="verso" image.id="medren_mscodex1156_wk1_body0046" image="mscodex1156_wk1_body0046" visiblepage="23v">
   <tocentry name="ill">Manicule, f. 23v</tocentry>
</page>
<page number="43" seq="43" id="medren_4294938_419792" image.defaultscale="3" side="recto" image.id="medren_mscodex1156_wk1_body0047" image="mscodex1156_wk1_body0047" visiblepage="24r"/>
<page number="44" seq="44" id="medren_4294938_419793" image.defaultscale="3" side="verso" image.id="medren_mscodex1156_wk1_body0048" image="mscodex1156_wk1_body0048" visiblepage="24v"/>
<page number="45" seq="45" id="medren_4294938_419794" image.defaultscale="3" side="recto" image.id="medren_mscodex1156_wk1_body0049" image="mscodex1156_wk1_body0049" visiblepage="25r"/>
<page number="46" seq="46" id="medren_4294938_419795" image.defaultscale="3" side="verso" image.id="medren_mscodex1156_wk1_body0050" image="mscodex1156_wk1_body0050" visiblepage="25v">
   <tocentry name="ill">Manicule, f. 25v</tocentry>
</page>
<page number="47" seq="47" id="medren_4294938_419796" image.defaultscale="3" side="recto" image.id="medren_mscodex1156_wk1_body0051" image="mscodex1156_wk1_body0051" visiblepage="26r"/>
<page number="48" seq="48" id="medren_4294938_419797" image.defaultscale="3" side="verso" image.id="medren_mscodex1156_wk1_body0052" image="mscodex1156_wk1_body0052" visiblepage="26v"/>
<page number="49" seq="49" id="medren_4294938_419798" image.defaultscale="3" side="recto" image.id="medren_mscodex1156_wk1_body0053" image="mscodex1156_wk1_body0053" visiblepage="27r"/>
<page number="50" seq="50" id="medren_4294938_419799" image.defaultscale="3" side="verso" image.id="medren_mscodex1156_wk1_body0054" image="mscodex1156_wk1_body0054" visiblepage="27v"/>
<page number="51" seq="51" id="medren_4294938_419800" image.defaultscale="3" side="recto" image.id="medren_mscodex1156_wk1_body0055" image="mscodex1156_wk1_body0055" visiblepage="28r"/>
<page number="52" seq="52" id="medren_4294938_419801" image.defaultscale="3" side="verso" image.id="medren_mscodex1156_wk1_body0056" image="mscodex1156_wk1_body0056" visiblepage="28v"/>
<page number="53" seq="53" id="medren_4294938_419802" image.defaultscale="3" side="recto" image.id="medren_mscodex1156_wk1_back0001" image="mscodex1156_wk1_back0001" visiblepage="[Flyleaf 1 recto]"/>
<page number="54" seq="54" id="medren_4294938_419803" image.defaultscale="3" side="verso" image.id="medren_mscodex1156_wk1_back0002" image="mscodex1156_wk1_back0002" visiblepage="[Flyleaf 1 verso]"/>
<page number="55" seq="55" id="medren_4294938_419804" image.defaultscale="3" side="recto" image.id="medren_mscodex1156_wk1_back0003" image="mscodex1156_wk1_back0003" visiblepage="Inside back cover"/>
<page number="56" seq="56" id="medren_4294938_419805" image.defaultscale="3" side="verso" image.id="medren_mscodex1156_wk1_back0004" image="mscodex1156_wk1_back0004" visiblepage="Back cover"/>
<page number="57" seq="57" id="medren_4294938_419806" image.defaultscale="3" side="recto" image.id="medren_mscodex1156_wk1_back0005" image="mscodex1156_wk1_back0005" visiblepage="Spine"/>
</xml><str xmlns:my="http://nowhere" name="link">pageturn.html?id=MEDREN_4294938&amp;rotation=0&amp;id=MEDREN_4294938</str><str xmlns:my="http://nowhere" name="link_no_params">pageturn.html?id=MEDREN_4294938</str><str xmlns:my="http://nowhere" name="handle">http://hdl.library.upenn.edu/1017/d/medren/4294938</str></doc></result><lst name="facet_counts"><lst xmlns:my="http://nowhere" name="current_facets"/><lst name="facet_queries"/><lst xmlns:my="http://nowhere" name="facet_fields"><lst name="collection_facet"><lst name="links"><str name="browse">browse.html?id=MEDREN_4294938&amp;browse=collection_facet&amp;</str></lst><str name="Medieval &amp; Renaissance Manuscripts" num="1">pageturn.html?id=MEDREN_4294938&amp;fq=collection_facet%3A%22Medieval%20%26%20Renaissance%20Manuscripts%22</str><str name="Penn Collection" num="1">pageturn.html?id=MEDREN_4294938&amp;fq=collection_facet%3A%22Penn%20Collection%22</str></lst><lst name="has_999_facet"><lst name="links"><str name="browse">browse.html?id=MEDREN_4294938&amp;browse=has_999_facet&amp;</str></lst></lst><lst name="facsimile_facet"><lst name="links"><str name="browse">browse.html?id=MEDREN_4294938&amp;browse=facsimile_facet&amp;</str></lst><str name="Yes" num="1">pageturn.html?id=MEDREN_4294938&amp;fq=facsimile_facet%3A%22Yes%22</str></lst><lst name="illuminated_facet"><lst name="links"><str name="browse">browse.html?id=MEDREN_4294938&amp;browse=illuminated_facet&amp;</str></lst><str name="No" num="1">pageturn.html?id=MEDREN_4294938&amp;fq=illuminated_facet%3A%22No%22</str></lst><lst name="illustrated_facet"><lst name="links"><str name="browse">browse.html?id=MEDREN_4294938&amp;browse=illustrated_facet&amp;</str></lst><str name="No" num="1">pageturn.html?id=MEDREN_4294938&amp;fq=illustrated_facet%3A%22No%22</str></lst><lst name="notated_facet"><lst name="links"><str name="browse">browse.html?id=MEDREN_4294938&amp;browse=notated_facet&amp;</str></lst><str name="No" num="1">pageturn.html?id=MEDREN_4294938&amp;fq=notated_facet%3A%22No%22</str></lst><lst name="language_facet"><lst name="links"><str name="browse">browse.html?id=MEDREN_4294938&amp;browse=language_facet&amp;</str></lst><str name="Latin" num="1">pageturn.html?id=MEDREN_4294938&amp;fq=language_facet%3A%22Latin%22</str></lst><lst name="century_facet"><lst name="links"><str name="browse">browse.html?id=MEDREN_4294938&amp;browse=century_facet&amp;</str></lst><str name="16th century" num="1">pageturn.html?id=MEDREN_4294938&amp;fq=century_facet%3A%2216th%20century%22</str></lst><lst name="date_facet"><lst name="links"><str name="browse">browse.html?id=MEDREN_4294938&amp;browse=date_facet&amp;</str></lst><str name="1512" num="1">pageturn.html?id=MEDREN_4294938&amp;fq=date_facet%3A%221512%22</str></lst><lst name="genre_facet"><lst name="links"><str name="browse">browse.html?id=MEDREN_4294938&amp;browse=genre_facet&amp;</str></lst><str name="Annotations" num="1">pageturn.html?id=MEDREN_4294938&amp;fq=genre_facet%3A%22Annotations%22</str><str name="Codices" num="1">pageturn.html?id=MEDREN_4294938&amp;fq=genre_facet%3A%22Codices%22</str><str name="Manuscripts, Latin - 16th century" num="1">pageturn.html?id=MEDREN_4294938&amp;fq=genre_facet%3A%22Manuscripts%2C%20Latin%20-%2016th%20century%22</str><str name="Manuscripts, Renaissance" num="1">pageturn.html?id=MEDREN_4294938&amp;fq=genre_facet%3A%22Manuscripts%2C%20Renaissance%22</str><str name="Poems" num="1">pageturn.html?id=MEDREN_4294938&amp;fq=genre_facet%3A%22Poems%22</str></lst><lst name="subject_facet"><lst name="links"><str name="browse">browse.html?id=MEDREN_4294938&amp;browse=subject_facet&amp;</str></lst><str name="Bebel, Heinrich, 1472-1518" num="1">pageturn.html?id=MEDREN_4294938&amp;fq=subject_facet%3A%22Bebel%2C%20Heinrich%2C%201472-1518%22</str><str name="Cicero, Marcus Tullius" num="1">pageturn.html?id=MEDREN_4294938&amp;fq=subject_facet%3A%22Cicero%2C%20Marcus%20Tullius%22</str><str name="Erasmus, Desiderius, d. 1536" num="1">pageturn.html?id=MEDREN_4294938&amp;fq=subject_facet%3A%22Erasmus%2C%20Desiderius%2C%20d.%201536%22</str><str name="Poliziano, Angelo, 1454-1494" num="1">pageturn.html?id=MEDREN_4294938&amp;fq=subject_facet%3A%22Poliziano%2C%20Angelo%2C%201454-1494%22</str><str name="Quintilian" num="1">pageturn.html?id=MEDREN_4294938&amp;fq=subject_facet%3A%22Quintilian%22</str></lst><lst name="geography_facet"><lst name="links"><str name="browse">browse.html?id=MEDREN_4294938&amp;browse=geography_facet&amp;</str></lst></lst><lst name="author_facet"><lst name="links"><str name="browse">browse.html?id=MEDREN_4294938&amp;browse=author_facet&amp;</str></lst><str name="Rhegius, Urbanus, 1489-1541" num="1">pageturn.html?id=MEDREN_4294938&amp;fq=author_facet%3A%22Rhegius%2C%20Urbanus%2C%201489-1541%22</str></lst><lst name="related_names_facet"><lst name="links"><str name="browse">browse.html?id=MEDREN_4294938&amp;browse=related_names_facet&amp;</str></lst><str name="Bosso, Matteo, 1427 or 8-1502" num="1">pageturn.html?id=MEDREN_4294938&amp;fq=related_names_facet%3A%22Bosso%2C%20Matteo%2C%201427%20or%208-1502%22</str><str name="Ludimontanus" num="1">pageturn.html?id=MEDREN_4294938&amp;fq=related_names_facet%3A%22Ludimontanus%22</str></lst><lst name="page_material_facet"><lst name="links"><str name="browse">browse.html?id=MEDREN_4294938&amp;browse=page_material_facet&amp;</str></lst><str name="Paper" num="1">pageturn.html?id=MEDREN_4294938&amp;fq=page_material_facet%3A%22Paper%22</str></lst></lst><lst name="facet_dates"/><lst name="facet_ranges"/></lst>
</response><params xmlns:my="http://nowhere" xmlns:h="http://apache.org/cocoon/request/2.0"><param xmlns:xs="http://www.w3.org/2001/XMLSchema" name="size">3</param><param name="id">MEDREN_4294938</param><context><param name="solr-url">http://localhost:8082/index/medren/select/</param><param name="collection">medren</param><param name="requested-page">pageturn</param><param name="host">dla.library.upenn.edu</param><param name="request">http://dla.library.upenn.edu/dla/medren/pageturn.xml?id=MEDREN_4294938</param></context></params><collection xmlns:my="http://nowhere" xmlns:dla-caption="http://dla.upennlib/caption"><ref/><name>Penn in Hand: Selected Manuscripts</name><shortname>medren</shortname><record detail="brief" exclude-subfield="6">
    <include field="100" label="Author" exclude-subfield="6"/>
    <include field="110" label="Author" exclude-subfield="6"/>
    <include field="130" label="Title" exclude-subfield="6"/>
    <include field="245" label="Title" exclude-subfield="6"/>
    <include field="240" label="Title" exclude-subfield="6"/>
    <include field="260" label="Origin" exclude-subfield="6"/>
    <include field="300" label="Physical description" exclude-subfield="6"/>
	<include field="520" label="Summary" exclude-subfield="6"/>
	<include field="500" label="Notes" delimiter=" - " exclude-subfield="6"/>    
	<include field="524" label="Cite as" exclude-subfield="6"/> 
    <include field="773" label="Contained in" exclude-subfield="6"/>
    <include field="852" subfield="b,a,j" label="Manuscript location" exclude-subfield="6"/>
    <include field="880" label="Vernacular script" exclude-subfield="6"/>
  </record><record detail="detailed" exclude-subfield="6">
    <include field="100" label="Author" exclude-subfield="6"/>
    <include field="110" label="Author" exclude-subfield="6"/>
    <include field="130" label="Title" exclude-subfield="6"/>
    <include field="245" label="Title" exclude-subfield="6"/>
    <include field="240" label="Title" exclude-subfield="6"/>
    <include field="260" label="Origin" exclude-subfield="6"/>
    <include field="300" label="Physical description" exclude-subfield="6"/>
    <include field="546" label="Language(s)" exclude-subfield="6"/>
	<include field="545" label="Biographical / Organizational History" exclude-subfield="6"/>
    <include field="520" label="Summary" exclude-subfield="6"/>    
    <include field="505" label="Contents" exclude-subfield="6"/>
	<include field="561" label="Provenance" exclude-subfield="6"/>
	<include field="700" label="Related names" exclude-subfield="6"/>
    <include field="710" label="Related names" exclude-subfield="6"/>
	<include field="600" label="Subject" exclude-subfield="6"/>
    <include field="610" label="Subject" delimiter=" - "/>
    <include field="630" label="Subject" delimiter=" - "/>
    <include field="650" label="Subject" delimiter=" - "/>
    <include field="651" label="Subject" delimiter=" - "/>
    <include field="655" label="Form / Genre" exclude-subfield="2" delimiter=" - "/>
    <include field="500" label="Notes" exclude-subfield="6"/>
    <include field="530" label="Other formats" exclude-subfield="6"/>
    <include field="510" label="Indexed / Referenced in" exclude-subfield="6"/>
    <include field="581" label="Publications of or about this material" exclude-subfield="6"/> 
    <include field="246" label="Other Titles" exclude-subfield="6"/>
    <include field="730" label="Other Titles" exclude-subfield="6"/>
    <include field="740" label="Other Titles" exclude-subfield="6"/>
	<include field="524" label="Cite as" exclude-subfield="6"/>    
    <include field="773" label="Contained in" exclude-subfield="6"/>
    <include field="852" subfield="b,a,j" label="Manuscript location" exclude-subfield="6"/>
    <include field="880" label="Vernacular script" exclude-subfield="6"/>
  </record><view>html</view><view>html</view><rows>25,50,100</rows><fl>*</fl><sort>score desc, date_sort asc</sort><style>rbm</style><advancedsearch.field type="number">century_search</advancedsearch.field><advancedsearch.field>language_search</advancedsearch.field><advancedsearch.field>place_search</advancedsearch.field><advancedsearch.field>subject_search</advancedsearch.field><advancedsearch.field>descriptive_notes_search</advancedsearch.field><advancedsearch.field>author_search</advancedsearch.field><advancedsearch.field display="Other Contributors/Owners">other_contributors_search</advancedsearch.field><advancedsearch.textcount>7</advancedsearch.textcount><advancedsearch.numbercount>1</advancedsearch.numbercount><advancedsearch.texthelp>(For example: <i>france</i> ; <i>german*</i> ; <i>german?</i> ;  <i>france germany italy</i>. 
    See the <a href="ancillary.html?id=collections/rbm/medren/advancedsearch">Advanced Search Help</a> for more details)</advancedsearch.texthelp><facet>true</facet><facet.mincount>1</facet.mincount><facet.limit>5</facet.limit><facet.field>page_material_facet</facet.field><facet.field>related_names_facet</facet.field><facet.field>author_facet</facet.field><facet.field>geography_facet</facet.field><facet.field>subject_facet</facet.field><facet.field>genre_facet</facet.field><facet.field>date_facet</facet.field><facet.field>century_facet</facet.field><facet.field>language_facet</facet.field><facet.field>notated_facet</facet.field><facet.field>illustrated_facet</facet.field><facet.field>illuminated_facet</facet.field><facet.field>facsimile_facet</facet.field><facet.field>has_999_facet</facet.field><facet.field>collection_facet</facet.field><rss icon="true">
    <title-field>titledate_field</title-field>
  </rss><sortoptions>title_sort, author_sort, date_sort, 
    date_facsimile_added_sort</sortoptions><caption context="title">
<!--  doesn't give priority to LJS collection
  	<dla-caption:if not-empty="collection_field">
  		<div class="fromcollection">
  			from the 
  			<html>
  				<dla-caption:link-external type="field" src="collectionSEARCH_URL_field">
  					<dla-caption:field type="field"  src="collection_field"/>
  				</dla-caption:link-external>
  			</html>
  		</div>
  	</dla-caption:if>
-->

  	<dla-caption:if not-empty="LJScollection_field">
  		<div class="fromcollection">
  			<html>
  				<dla-caption:link-external type="field" src="LJScollectionSEARCH_URL_field">
  					<dla-caption:field type="field" src="LJScollection_field"/><span class="coll-title">:</span>
  				</dla-caption:link-external>
  			</html>
  		</div>
  	</dla-caption:if>
  	<dla-caption:if empty="LJScollection_field">
  		<div class="fromcollection">
  			<html>
  				<dla-caption:link-external type="field" src="collectionSEARCH_URL_field">
  					<dla-caption:field type="field" src="collection_field"/><span class="coll-title">:</span>
  				</dla-caption:link-external>
  			</html>
  		</div>
  	</dla-caption:if>





    <span class="recordtitlechrome">
      <dla-caption:field type="field" src="call_number_field"/>
      <dla-caption:if not-empty="call_number_field"> - </dla-caption:if>
      <dla-caption:field type="field" src="primary_author_field"/>
      <dla-caption:if not-empty="primary_author_field"> - </dla-caption:if>
      <dla-caption:field type="field" src="title_field"/>
    </span>
  </caption><caption context="mobile">

			
			 <div style="font-family: Verdana, arial, sans-serif; font-size:13px; margin-bottom:7px;line-height:130%;">
				 <div><dla-caption:field type="field" src="call_number_field"/></div>
				 <div>
					<dla-caption:link-to-detail>
						<dla-caption:field type="field" src="title_field"/>
					 </dla-caption:link-to-detail>
				 </div>
				 <div>				 
					 <dla-caption:if equal="facsimile_field, {Yes}">
					    <dla-caption:link-to-detail><img src="images/common/ms-icon.jpg" alt="*" style="border: none;"/>Facsimile available</dla-caption:link-to-detail>
					  </dla-caption:if>
		            </div>
				 <div style="margin-bottom: 10px; border-bottom: dotted 1px #999;">
						<dla-caption:if not-empty="origin_field">
							 <div><dla-caption:field type="field" src="origin_field"/></div> 
						</dla-caption:if> 				    
						<dla-caption:if sort="date_facsimile_added_sort">
							 <dla-caption:if not-empty="date_facsimile_added_field">
							    <div class="facadded">Facsimile added: <dla-caption:field type="field" src="date_facsimile_added_field"/></div>	
							 </dla-caption:if>
						</dla-caption:if>
				</div>
			</div>

	</caption><caption context="results">				
     <tr class="medrenresultrecord">
        <td class="oneresult">          	 
           <div class="callno">
	     <dla-caption:field type="field" src="call_number_field"/>
	      <dla-caption:if equal="facsimile_field, {Yes}">
	         <span class="facavail">       <dla-caption:link-to-detail><img src="images/common/ms-icon.jpg" alt="*"/>Facsimile available</dla-caption:link-to-detail></span>
	       </dla-caption:if> 
	   </div>
			
	   <dla-caption:if sort="date_facsimile_added_field">
	      <dla-caption:if not-empty="date_facsimile_added_field">
	         <div class="facadded">Facsimile added: <dla-caption:field type="field" src="date_facsimile_added_field"/></div>	
	      </dla-caption:if>
	   </dla-caption:if>			
			             
               
           <dla-caption:if not-empty="primary_author_field">
             <div><dla-caption:field type="field" src="primary_author_field"/></div>
	   </dla-caption:if>                
	   <div class="medrenresultstitle">
	      <dla-caption:link-to-detail>
	      	<dla-caption:field type="field" src="title_field"/>
	      </dla-caption:link-to-detail>
	   </div>                                       
          
           <dla-caption:if not-empty="origin_field">
	      <div class="origin"><dla-caption:field type="field" src="origin_field"/></div> 
	   </dla-caption:if>                       
        </td>
        <td class="holdresultsdate">          	
           <div><dla-caption:if not-empty="probable_date_field"><dla-caption:field type="field" src="probable_date_field"/></dla-caption:if></div>
        </td>
     </tr>
  </caption><caption context="image wall">
            <div class="thumbonly">
		  <dla-caption:link-to-detail extra-params-field="page_param">
                <img>
                    <dla-caption:attribute name="src">../images/medren/<dla-caption:field type="field" src="id"/>-<dla-caption:field type="field" src="page_param"/>.jpg</dla-caption:attribute>				
				<dla-caption:attribute name="title">
					<dla-caption:field type="field" src="title"/>
				</dla-caption:attribute>
				<dla-caption:attribute name="alt">
					<dla-caption:field type="field" src="title"/>
				</dla-caption:attribute>
				<dla-caption:attribute name="width">200px</dla-caption:attribute>
				<dla-caption:attribute name="height">200px</dla-caption:attribute>
                </img>
            </dla-caption:link-to-detail>
		  </div>
	</caption><stickyfacets>collection_facet</stickyfacets><footeremail>rbml@pobox.upenn.edu</footeremail><footermailto>rbml@pobox.upenn.edu,shawcros@pobox.upenn.edu</footermailto><poweredby>This site has been made possible through a grant from the National
    Endowment to the Humanities.</poweredby><maxzoomlevels>5</maxzoomlevels><noresultsmessage>
    <div class="noresults">
      Sorry, no results matched your search terms.
    </div>
  </noresultsmessage><tocEntries>
  	<entry name="toc" display="Contents"/>
  	<entry name="ill" display="Illustrations"/>
  </tocEntries><tabs type="pageturn">
         <tab name="View Manuscript" target="pageturn"/>
         <tab name="View Provenance &amp; Subject Details" target="record"/>
    </tabs><solr-url>http://localhost:8082/index/medren/select/</solr-url><services name="Navigating the Collection" display="block" class="recordDescription">
    <service name="Collection Home" link="index.html"/>
    <service name="Search Strategies" link="ancillary.html?id=collections/brinton/searchdla"/>
    <service type="back-to-results"/>
    <service name="Advanced Search" link="advancedsearch.html"/>
    <service name="New: Manuscripts recently digitized" link="search.html?sort=date_facsimile_added_sort%20desc&amp;showall=sort&amp;fq=facsimile_facet%3A%22Yes%22"/>
  </services><services name="Manuscripts at Penn">
    <service name="Overview" link="ancillary.html?id=collections/rbm/mss/mss"/>
    <service name="Schoenberg Database of Manuscripts" link="http://hdl.library.upenn.edu/1017/59753"/>
    <service name="Manuscripts on Microfilm" link="http://www.library.upenn.edu/collections/microforms/medmss.html "/>
  </services><services name="Information &amp; Contacts" display="block" class="recordDescription">
    <service type="mailto" address="shawcros@pobox.upenn.edu" name="Contact Us" body="Question regarding this page: " appendurl="true"/>
    <service name="Copyright &amp; Permissions" link="ancillary.html?id=collections/brinton/copyright"/>
  </services><services name="Rare Book &amp; Manuscript Library" link="http://www.library.upenn.edu/rbm/">
    <service name="Access" link="ancillary.html?id=access/rbm"/>
    <service name="Hours" link="http://events.library.upenn.edu/cgi-bin/calendar.cgi?library=rbm;size=large"/>
    <service name="Locate on Campus" link="http://hdl.library.upenn.edu/1017/82076"/>
    <service name="Services" link="ancillary.html?id=rbm/services"/>
    <service name="Staff" link="http://dla.library.upenn.edu/dla/staff/search.html?fq=library_facet%3A%22Rare%20Book%20%26%20Manuscript%20Library%22"/>
    <service name="Visitor Information" link="http://www.library.upenn.edu/access/visitors/visitors.html"/>
  </services><services name="NEH Grant Information" link="ancillary.html?id=collections/manuscripts/grant"> </services><maps metadataPrefix="marc21">
    <map to="marc:record">marcrecord</map>
  </maps><maps metadataPrefix="oai_dc">
    <map to="title">title_field</map>
    <map to="contributor">author_field</map>
    <map to="coverage"/>
    <map to="creator"/>
    <map to="date">probable_date_field</map>
    <map to="description"/>
    <map to="format"/>
    <map to="identifier">id</map>
    <map to="language">language_field</map>
    <map to="publisher"/>
    <map to="relation"/>
    <map to="rights"/>
    <map to="source"/>
    <map to="subject">geography_field</map>
    <map to="subject">subject_field</map>
    <map to="subject">genre_field</map>
    <map to="type"/>
  </maps><maps metadataPrefix="dla">
    <map to="datestamp">last_update</map>
  </maps></collection><defaults xmlns:h="http://apache.org/cocoon/request/2.0" xmlns:my="http://nowhere"><param name="start">0</param><param name="rows">25</param><param name="facet.offset">0</param><param name="browse.limit">400</param><param name="browse.sort">false</param><param name="sort">score desc, date_sort asc</param><param name="facet.limit">5</param><param name="facet.mincount">1</param></defaults><recordinfo xmlns:xs="http://www.w3.org/2001/XMLSchema" xmlns:my="http://nowhere" xmlns:marc="http://www.loc.gov/MARC21/slim" detail="brief"><str name="Author">Rhegius, Urbanus, 1489-1541.</str><str name="Title">Epithome artis epistolaris ... [etc.] [manuscript].</str><str name="Origin">[Germany], 1512.</str><str name="Physical description">28 leaves : paper ; 203 x 145 mm. bound to 212 x 157 mm.</str><str name="Summary">Epithome artis epistolaris, the predominant work, is a treatise on rhetoric and letter writing based on authors and sources ranging from classical antiquity to the Renaissance. Rhegius draws strongly on Cicero, Quintilian, and Poliziano, but also references Aristotle, Plutarch, Pliny the Younger, Ovid, Juvenal, Terence, Vergil, Horace, Lucretius, Caesar, Livy, Augustine, passages from Psalms and Exodus, Albertus Magnus, Erasmus, Giorgio Valla, Ermolau Barbaro, Heinrich Bebel, Franciscus Niger, and Ulrich Zasius; many of these references are noted in the margins. The treatise explores the classical tenets of rhetoric, including inventio, dispositio, exordium, and elocutio; marginal annotations also make reference in Greek to various tools of rhetoric, including metaphor and periphrasis. Although the authorship of Epithome artis epistolaris was originally uncertain, it has been attributed to Urbanus Rhegius early in his career (Rhegius' name appears multiple times throughout the manuscript in both Hebrew and Roman letters: see f. 6r-v, 8v, 9r, 16v). The predominant work is preceded by an excerpt from a medieval comedic poem, several pages of which have been removed, and several brief writings concerning rhetoric and philosophy.</str><str name="Notes">Ms. codex.</str><str name="Notes">Title from predominant work (f. 9r).</str><str name="Notes">Collation: Paper, i (modern paper) + 28 + i (modern paper); 1¹⁴(-2, 3, 4, 5) 2¹⁴; modern pencil foliation, upper right recto, including the remains of the missing leaves.</str><str name="Notes">Layout: Ruled in drypoint.</str><str name="Notes">Script: Written in a humanistic script, except work 5, written in a "hasty cursive" (Zacour-Hirsch).</str><str name="Notes">Watermark: Briquet Couronne 4902 (1520); although this watermark is cited from Trevise in 1520, Briquet lists many other extant sources from throughout central and eastern Europe in the late 15th and early 16th centuries.</str><str name="Notes">Decoration: Manicules in margins throughout.</str><str name="Notes">Binding: Modern cloth, by Kurt Gabbel &amp; Sons, Holland, Pa.</str><str name="Notes">Origin: Written in either Ingolstadt or Freiburg im Breisgau, 1512 (f. 8r, 24r).</str><str name="Cite as">UPenn Ms. Codex 1156</str><str name="Manuscript location">Rare Book &amp; Manuscript Library University of Pennsylvania Ms. Codex 1156</str></recordinfo></page>